<record><leader>00000cas a22000007a 4500</leader><controlfield tag="001">25992093</controlfield><controlfield tag="008">920611d1906191uriuwr ne      0    0fre d</controlfield><datafield ind1=" " ind2=" " tag="010"><subfield code="a">sn 92064096 </subfield></datafield><datafield ind1=" " ind2=" " tag="040"><subfield code="a">RHN</subfield><subfield code="b">eng</subfield><subfield code="c">RHN</subfield><subfield code="d">OCLCQ</subfield><subfield code="d">OCLCF</subfield><subfield code="d">OCLCO</subfield><subfield code="d">OCL</subfield></datafield><datafield ind1="1" ind2=" " tag="029"><subfield code="a">AU@</subfield><subfield code="b">000020748972</subfield></datafield><datafield ind1=" " ind2=" " tag="042"><subfield code="a">msc</subfield></datafield><datafield ind1=" " ind2=" " tag="043"><subfield code="a">n-us-ri</subfield></datafield><datafield ind1="0" ind2=" " tag="130"><subfield code="a">Justice (Central Falls, R.I.)</subfield></datafield><datafield ind1="1" ind2="3" tag="245"><subfield code="a">La justice.</subfield></datafield><datafield ind1=" " ind2=" " tag="260"><subfield code="a">Central Falls, R.I. :</subfield><subfield code="b">Arthur Laberge</subfield></datafield><datafield ind1=" " ind2=" " tag="300"><subfield code="a">v.</subfield></datafield><datafield ind1=" " ind2=" " tag="310"><subfield code="a">Weekly,</subfield><subfield code="b">Mar. 18, 1910-</subfield></datafield><datafield ind1=" " ind2=" " tag="321"><subfield code="a">Weekly,</subfield><subfield code="b">Apr. 5, 1906-Nov. 19, 1909</subfield></datafield><datafield ind1=" " ind2=" " tag="321"><subfield code="a">Monthly,</subfield><subfield code="b">Dec. 17, 1909-Feb. 18, 1910</subfield></datafield><datafield ind1="0" ind2=" " tag="362"><subfield code="a">Vol. 1, no. 1 (5 avril 1906)-</subfield></datafield><datafield ind1=" " ind2=" " tag="546"><subfield code="a">In French.</subfield></datafield><datafield ind1=" " ind2="0" tag="650"><subfield code="a">French newspapers</subfield><subfield code="z">Rhode Island.</subfield></datafield><datafield ind1=" " ind2="4" tag="651"><subfield code="a">Central Falls (R.I.)</subfield><subfield code="v">Newspapers.</subfield></datafield><datafield ind1=" " ind2="4" tag="651"><subfield code="a">Pawtucket (R.I.)</subfield><subfield code="v">Newspapers.</subfield></datafield><datafield ind1=" " ind2="7" tag="650"><subfield code="a">French newspapers.</subfield><subfield code="2">fast</subfield><subfield code="0">(OCoLC)fst00934758</subfield></datafield><datafield ind1=" " ind2="7" tag="651"><subfield code="a">Rhode Island.</subfield><subfield code="2">fast</subfield><subfield code="0">(OCoLC)fst01204599</subfield></datafield><datafield ind1=" " ind2=" " tag="752"><subfield code="a">United States</subfield><subfield code="b">Rhode Island</subfield><subfield code="c">Providence</subfield><subfield code="d">Central Falls.</subfield></datafield></record>